% This file was created with JabRef 2.3.1.
% Encoding: Cp1252

@MISC{IPEA2011,
  author = {IPEA},
  title = {Mobilidade Urbana},
  year = {2011},
  owner = {IPEA},
  timestamp = {2011.03.04},
  url = {http://www.ipea.gov.br},
  urlaccessdate = {15 de outubro de 2011}
}

@MISC{FlexaRibeiro2010,
  author = {Flexa Ribeiro},
  title = {Parecer Nº 166 , de 2010},
  year = {2010},
  owner = {Flexa},
  timestamp = {2010.07.25},
  url = {http://legis.senado.gov.br/mate-pdf/84801.pdf},
  urlaccessdate = {15 de outubro de 2011}
}


@MISC{GTFSspecs,
  author = {Google},
  title = {Especificação de feed do Google Transit},
  year = {2009},
  owner = {Google},
  timestamp = {2009.03.30},
  url = {http://code.google.com/intl/pt-BR/transit/spec/transit\_feed\_specification.html},
  urlaccessdate = {03 de outubro de 2011}
}

@MISC{GNUFreeSoftware,
  author = {Free Software Foundation},
  title = {What is Free Software?},
  year = {1996},
  owner = {Free Software Foundation},
  url = {http://www.gnu.org/philosophy/free-sw.html},
  urlacessdate = {10 de novembro de 2011}
}

@MISC{gitus2009,
  author = {git},
  title = {Git User's Survey 2010 Summary},
  year = {2010},
  owner = {git},
  url = {https://git.wiki.kernel.org/articles/g/i/t/GitSurvey2010_d626.html},
  urlacessdate = {19 de novembro de 2011}
}
